4209 5892
593 429 691 542 614·
860 350 862 357 Α
975 400 1153 515 &cirues
1175 438 1275 544 pour
1299 399 1502 542 l'Hrfloire
1625 404 1647 417 ”

812 630 983 713 Pre‘uves
998 622 1098 743 'pour
1114 621 1160 713 la
1172 623 1390 747 Maifimde
1416 618 1618 745 Vaudrey.

593 770 718 955 CE
732 767 810 869 qn’a
833 769 885 842 dit
899 770 1022 845 Gollut
1037 771 1080 843 de
1102 770 1240 844 Charles
1263 772 1306 844 de
1332 772 1512 876 Vaudrey,
1540 772 1588 847 eli
1609 792 1675 871 peu
1696 769 1850 858 c'errainr⁴

693 871 716 943 il
741 863 852 967 paruit
876 870 921 944 du
947 872 1058 945 moins
1080 871 1165 970 quil
1186 871 1365 947 estrombd
1389 874 1472 946 dans
1492 874 1554 946 des
1567 896 1693 949 erteurs
1718 876 1763 949 de
1781 875 1850 949 fait
1938 886 1942 891 ’

594 968 695 1045 &de
720 970 944 1069 chronologie.
959 974 990 1044 ll
1009 968 1057 1045 est
1068 974 1144 1069 plns
1164 972 1217 1058 lile
1244 973 1288 1045 dc
1303 977 1374 1045 s’en
1399 974 1487 1046 renis
1510 997 1552 1046 au
1579 974 1657 1049 titre
1681 975 1725 1047 de
1747 975 1850 1049 l'Aba

590 1070 670 1143 baie
688 1064 733 1145 de
754 1072 790 1144 S.
822 1070 907 1143 Paul
932 1096 1000 1169 que
1024 1073 1084 1168 j’ai
1106 1074 1208 1164 cire,
1224 1073 1264 1149 δι
1287 1071 1306 1143 ir
1331 1098 1377 1145 un
1407 1094 1499 1147 autre
1520 1076 1599 1148 titre
1623 1100 1743 1149 encore
1768 1077 1847 1171 plus

586 1168 708 1243 ancien
729 1168 886 1269 imprime
911 1170 993 1252 dans
1019 1172 1159 1245 Bratax
1181 1173 1225 1245 de
1255 1171 1417 1261 Chilon,
1451 1199 1541 1273 page
1572 1162 1670 1275 1ςᾷ,
1699 1177 1743 1250 bc
1773 1174 1852 1246 dar·
1891 1236 1900 1258 ,

588 1270 627 1343 re
652 1268 782 1346 del'an
811 1270 927 1363 1198,
966 1296 1024 1369 par
1052 1272 1166 1370 lequel
1191 1282 1319 1371 Hugae
1343 1270 1387 1347 de
1412 1272 1636 1363 Mnnrdidier
1652 1272 1844 1352 chevalier

585 1366 674 1443 frere
698 1368 837 1448 d’Ar‘mi
862 1370 1023 1470 Seigneur
1046 1373 1091 1444 de
1113 1371 1298 1471 Vaudrey,
1325 1373 1435 1469 quitte
1460 1374 1480 1446 i
1504 1372 1663 1457 l’Abba'ie
1699 1376 1744 1446 de
1769 1373 1847 1445 Ro·
1911 1454 1915 1459 ,

585 1466 683 1549 fieres
711 1474 758 1546 les
781 1470 887 1550 droits
914 1472 997 1570 qu'il
1017 1473 1213 1569 prerendoit
1235 1475 1286 1545 sur
1307 1496 1347 1545 ce
1366 1475 1491 1571 qu’elle
1517 1470 1686 1573 pollddoir
1706 1474 1725 1545 *a
1747 1470 1844 1547 Van·

589 1569 674 1667 drey
696 1570 771 1647 &b
795 1570 976 1661 lirainans3
999 1570 1049 1644 lui
1071 1570 1192 1645 faisant
1214 1596 1336 1645 encore
1355 1574 1520 1653 donariou
1547 1574 1591 1646 de
1620 1572 1762 1652 certains
1779 1572 1850 1645 he-

587 1668 716 1767 ritages
734 1694 775 1743 en
798 1670 941 1745 Petouse
956 1674 997 1748 ὅτ
1022 1697 1064 1744 au
1089 1674 1275 1751 Louverot.
1299 1674 1511 1747 Montdidier
1532 1670 1581 1755 eli
1615 1698 1682 1753 une
1705 1672 1847 1745 Chatel-

587 1768 678 1842 lenie
699 1795 740 1843 nu
758 1769 921 1870 Bailliage
944 1774 1120 1872 d'Orgeler
1142 1774 1259 1873 nuptis
1284 1773 1328 1847 de
1352 1770 1562 1864 Montflenr,
1591 1773 1652 1871 qui
1682 1772 1840 1850 caeleri

587 1867 633 1947 de
663 1872 695 1946 le
718 1870 864 1944 Batonie
885 1872 1000 1944 d'Arla
1036 1924 1047 1964 ,
1074 1875 1114 1948 &
1139 1872 1167 1945 il
1192 1872 1321 1949 semble
1345 1898 1405 1968 par
1435 1878 1471 1951 la
1496 1874 1609 1947 cbarte
1637 1872 1682 1955 de
1717 1869 1844 1973 1198,

587 1990 655 2065 que
682 1971 715 2043 la
741 1970 874 2045 Mallon
906 1972 950 2043 de
974 1900 1137 2073 liaudrey
1168 1998 1213 2046 eu
1241 1998 1261 2046 a
1288 1974 1386 2077 porte
1411 1978 1444 2049 le
1475 1998 1572 2054 noan.
1763 1977 1766 1982 ⁴

568 2190 595 2245 ·.
687 2128 861 2221 Preuves
885 2147 985 2239 pour
1005 2118 1185 2241 l'origine
1209 2118 1258 2210 de
1289 2121 1334 2219 la
1371 2121 1537 2242 Maifim
1563 2120 1613 2215 de
1626 2129 1741 2239 Scap,

631 2264 673 2337 N
694 2270 833 2343 nomine
852 2270 984 2353 sanare
1004 2274 1043 2348 δι
1062 2271 1244 2345 individuae
1261 2267 1452 2350 Trinitatis.
1476 2271 1557 2369 Ego
1576 2273 1713 2354 Terrius
1726 2276 1846 2369 Hugu,

635 2366 713 2441 Dei.
726 2368 830 2467 gratini
842 2369 1107 2470 Crisopnlitanus
1128 2370 1427 2469 Archiepiscopus,
1452 2367 1674 2443 notumfaeio
1695 2371 1839 2467 praesen·

424 2509 427 2521 ι
582 2464 672 2536 'tibus
691 2468 732 2543 dc
750 2468 989 2560 futuris,s1cut
1019 2469 1260 2556 antecellorurn
1285 2470 1411 2569 scriptis
1433 2467 1643 2567 superstitum
1668 2496 1735 2566 que
1756 2468 1843 2568 legi·

579 2563 743 2665 rimorum
763 2568 911 2645 virorum
929 2572 1146 2646 relationibus
1158 2573 1319 2671 cognovi,
1344 2569 1453 2661 ¹Quod
1464 2565 1597 2656 Atrrlla
1625 2568 1748 2645 nobilis
1765 2593 1842 2643 ma⁴

578 2680 694 2757 troni,
716 2662 916 2769 Gidredum
934 2670 1169 2769 ,antecessorem
1183 2696 1300 2745 meum
1311 2666 1625 2770 Archiepisropumr
1645 2669 1729 2741 adiit
1750 2692 1846 2747 eum.

581 2788 648 2862 que
669 2767 839 2853 humiliter
860 2771 1016 2869 rogavit,
1042 2794 1205 2869 quatenus
1223 2794 1352 2854 curtem
1367 2794 1468 2851 unam
1491 2773 1531 2844 in
1554 2773 1733 2848 L'omitatu
1751 2779 1839 2847 Por·

579 2861 671 2963 ttnst
691 2864 789 2952 fitam
810 2873 1069 2954 frontiniacum
1085 2874 1111 2925 *
1132 2870 1280 2960 diuam,
1298 2893 1369 2944 tans
1391 2865 1451 2939 srbi
1470 2893 1576 2967 quam
1599 2866 1731 2941 duobus
1751 2864 1836 2977 filiis

574 2962 654 3065 Juis
673 2969 874 3043 concederet
897 2970 934 3055 in
954 2968 1173 3071 praestariam
1189 2970 1237 3043 ita
1256 2991 1295 3054 ut
1308 2969 1378 3066 ipsa
1393 2969 1432 3042 dc
1447 2965 1511 3049 filii
1526 2966 1600 3057 sui,
1621 2988 1755 3039 tanturn
1768 2990 1842 3040 mn

583 3065 634 3147 do
655 3088 807 3142 tenuent
828 3096 927 3160 eam,
954 3074 995 3155 j&
1014 3069 1128 3166 postea
1153 3072 1328 3142 redderent
1351 3066 1394 3139 ad
1417 3064 1600 3140 Ecclefianr
1614 3068 1658 3140 de
1683 3090 1747 3163 qua
1763 3064 1839 3139 sub·
1872 3147 1874 3150 .

586 3168 693 3259 cendia
717 3190 811 3247 eran
835 3170 934 3265 quod
967 3168 999 3238 ei
1033 3166 1216 3255 concellit,
1242 3188 1488 3261 tenueruntque
1510 3166 1616 3262 ipsam
1638 3190 1679 3249 ea
1705 3167 1746 3241 dc
1769 3165 1842 3237 duo

586 3262 726 3339 filiisui.
752 3266 813 3336 Eis
834 3288 949 3339 autem
966 3266 1137 3339 demedio
1163 3266 1322 3356 sublatis,
1345 3262 1671 3340 succelloreseorunr
1697 3265 1840 3349 eundern

584 3385 716 3436 curtem
738 3361 954 3439 succellorurn
977 3389 1129 3438 meorum
1154 3366 1384 3465 negligentia,
1407 3364 1574 3460 usquead
1595 3356 1840 3461 rempoiamea

584 3463 806 3543 retinuerunt.
833 3466 913 3564 Ego
936 3470 1016 3538 uero
1037 3464 1253 3561 antiquorum
1282 3462 1407 3561 scriptis
1430 3463 1720 3537 commonefactus
1735 3513 1747 3551 ,
1765 3488 1841 3559 pre·

586 3561 733 3637 rentium
753 3566 1005 3662 proborumque
1022 3565 1167 3643 virorum
1190 3564 1409 3639 relationibus
1428 3560 1652 3649 certificatus,
1676 3572 1839 3637 ottonem
1972 3586 1979 3599 ·

582 3662 631 3747 de
652 3670 730 3760 Ceys
750 3666 922 3762 praedirrae
948 3684 1110 3737 matrona
1127 3663 1344 3737 sucrelloreru
1360 3715 1371 3748 ,
1388 3687 1446 3759 per
1458 3681 1513 3741 nae
1532 3665 1572 3738 dt
1587 3686 1647 3758 per
1661 3685 1839 3742 menime,

585 3764 734 3841 dictores
744 3763 897 3859 precibus
917 3764 957 3839 dc
972 3763 1081 3859 pretio
1096 3763 1362 3854 commonefeci,
1382 3783 1580 3858 tantumque
1590 3759 1692 3851 institi
1703 3812 1715 3851 ,
1727 3762 1839 3847 donec

586 3886 669 3941 eum
691 3864 733 3935 ad
761 3862 936 3959 petitionis
960 3888 1045 3936 mear
1070 3861 1232 3936 effectum
1261 3863 1363 3962 usque
1389 3860 1538 3958 perduxi.
1563 3859 1730 3948 Reddidit
1756 3880 1838 3959 ergo

585 3985 661 4035 ram
679 3961 875 4059 mihiquem
892 3959 1273 4050 succelloribusnreisin
1297 3986 1496 4059 perpetuum
1515 3958 1839 4055 habendumquid,

583 4062 670 4161 quid
681 4062 748 4157 ipse
765 4062 902 4140 tenebar
917 4061 952 4133 in
972 4062 1133 4159 predicid
1143 4083 1258 4153 curre,
1275 4061 1483 4136 laudante&
1497 4056 1717 4159 confirmante
1730 4081 1836 4132 uxore

586 4161 841 4233 suaPetronilla
850 4214 863 4248 ,
879 4159 1026 4259 filiisque
1045 4162 1110 4233 suis
1130 4161 1287 4238 liutberto
1305 4161 1348 4246 &¹
1359 4156 1550 4234 laumberto
1566 4157 1835 4243 conlaudatibns‘,

585 4258 752 4333 Reddidit
768 4264 870 4337 marn
881 4261 1064 4339 Ecclesiam
1082 4262 1231 4359 ejusdcm
1248 4259 1348 4334 curris
1361 4263 1401 4349 δι
1415 4255 1598 4342 Ecclesiam
1618 4258 1663 4329 de
1684 4252 1835 4356 Estrata,

583 4361 626 4437 bl
650 4359 730 4435 duas
749 4384 856 4459 partes
870 4362 1075 4439 decimarum
1097 4362 1140 4433 ad
1158 4388 1211 4434 eas
1226 4360 1485 4457 pertinentium,
1510 4382 1587 4431 curn
1604 4356 1763 4436 omnibus
1775 4380 1835 4452 ap·

583 4460 744 4557 penditiis
769 4466 854 4561 ejus.
879 4463 975 4553 Huic
1008 4485 1126 4535 autern
1150 4461 1351 4550 redditioni,
1374 4474 1444 4534 tans
1469 4458 1567 4532 Laici
1586 4479 1688 4555 quarn
1708 4453 1835 4545 Clerici

581 4560 725 4659 legitimi
751 4562 814 4635 viri
834 4564 895 4636 sub
921 4578 1066 4660 quorum
1085 4560 1279 4637 testimonio
1295 4561 1386 4642 facia
1408 4559 1457 4631 est
1468 4608 1480 4651 ,
1496 4556 1716 4633 interfuerunt
1740 4578 1832 4652 qno,

582 4684 657 4739 rum
679 4660 814 4731 nomina
834 4663 1012 4760 spbscripta
1037 4662 1113 4738 sunt
1132 4664 1170 4737 S.
1192 4662 1360 4761 Magnerii
1385 4659 1515 4733 Decani
1540 4656 1654 4739 Sandli
1675 4653 1830 4767 loannis.

580 4758 620 4838 S.
634 4759 794 4856 lingonis
816 4762 943 4835 Lorebt
971 4765 1102 4837 Decaui
1122 4762 1237 4838 sanari
1261 4758 1431 4857 Stephani.
1452 4759 1487 4832 s:
1510 4758 1689 4843 Guillelmr
1713 4750 1836 4841 Archi.-

577 4856 724 4943 diatoni.
751 4858 786 4943 S.
802 4859 961 4963 Stephani
979 4864 1022 4943 de
1038 4859 1139 4971 Trssq.
1167 4864 1201 4955 S·
1216 4858 1386 4953 Gnidonis
1409 4856 1454 4954 alt
1469 4861 1597 4940 Citam·
1621 4854 1656 4947 S.
1671 4862 1835 4956 strymon.-
