4209 5892
652 417 742 515 592
1048 390 1220 473 preuves
1251 373 1571 499 pour'trristoire
1640 452 1645 459 .

370 492 449 633 fige
467 544 518 638 ri·
646 512 949 714 Ssaliquidpro
962 524 1066 597 salute
1082 528 1200 600 animae
1213 524 1530 623 nostraecogiramur
1546 524 1649 615 dare,
1663 527 1886 605 adrdrrebus
2025 562 2027 611 t

711 630 850 730 propriis
872 626 955 699 locis
976 626 1174 700 sanctorum
1197 626 1384 710 donamus;
1405 624 1597 697 Dominum
1613 624 1760 699 nostrum
1777 631 1887 725 Jesum

645 732 819 805 Chnssum
843 727 878 799 in
900 746 1021 796 aeterna
1041 722 1248 794 beatitudine
1267 722 1502 795 retributorem
1522 724 1641 796 babere
1668 724 1885 797 confidimus.
2022 756 2027 791 ε

644 832 662 903 1
690 832 827 927 'turego
849 818 1035 917 Pharulsur
1047 819 1420 916 Praesbytcr,‘donoad
1443 820 1886 910 locasanuorum,sci1icet

641 854 792 1021 *sidercum
805 912 1029 1015 Evangelislae
1044 914 1223 1015 Bastlicam
1235 943 1309 1014 quae
1322 916 1369 989 est
1379 914 1557 989 constitura
1570 918 1605 987 in
1619 917 1735 989 Castro
1753 922 1890 998 Vesun-

643 1026 714 1096 rico
729 1023 811 1114 ,ubi
826 1023 981 1093 Domnus
998 1014 1157 1087 videlicet
1177 1013 1397 1089 Theodericus
1412 1012 1568 1085 Pontifex
1585 1016 1717 1111 praeesse
1736 1019 1888 1113 ridetur,

644 1124 871 1215 donatumque
891 1120 925 1188 in
939 1136 1138 1211 perpetuum
1153 1109 1218 1184 effe
1239 1116 1320 1185 volo
1331 1115 1370 1187 δι
1384 1112 1481 1184 enixi
1496 1114 1665 1184 voluntate
1676 1110 1751 1188 mea
1762 1119 1889 1201 confir.

646 1246 731 1307 ‘¹¹⁰³
756 1240 907 1327 “m-‘²⁵
928 1208 1889 1383 ⁹¹⁰s‘stsfsl‘ssss''ssssslsdllslsllm

642 1315 1166 1500 biaiiiiddddinsicidiumque
1181 1409 1275 1501 ejus3
1300 1335 1337 1480 ai
1357 1426 1513 1501 practerea
1526 1403 1688 1483 colonicas
1703 1339 1891 1491 duunibedi

533 1546 535 1561 ·
644 1536 720 1607 quae
742 1511 883 1607 pertinet
896 1508 950 1579 -ad
970 1506 1077 1602 ipsam
1089 1499 1288 1593 Basrlicam,
1307 1507 1408 1577 altera
1430 1526 1531 1597 quam
1553 1511 1706 1580 Domnur
1725 1506 1891 1604 ludolfus

645 1609 702 1681 sud
714 1608 853 1707 largitus
868 1603 916 1677 est
937 1602 1085 1699 pietate,
1101 1600 1140 1673 δι
1154 1622 1285 1697 pratum
1296 1626 1397 1673 unum
1418 1601 1509 1697 quod
1529 1623 1665 1673 vocatur
1677 1628 1807 1698 pratum
1818 1609 1891 1679 Ec.
2001 1602 2008 1617 '

648 1705 897 1795 clefiae,servos
910 1703 949 1774 dc
962 1701 1096 1771 ancillas
1120 1701 1161 1773 dt
1188 1698 1302 1771 omnia
1325 1701 1417 1795 supra
1438 1695 1712 1794 postra:iraver9
1728 1704 1762 1775 in
1777 1729 1890 1779 amore

649 1805 691 1877 δι
709 1803 858 1875 remedio
871 1801 990 1873 anima
994 1800 1075 1894 jam
1087 1792 1174 1869 diui
1195 1794 1413 1896 Regis,srcut
1430 1790 1579 1891 lutfridi
1605 1802 1802 1875 comitis&
1826 1829 1888 1898 pro

648 1898 765 1971 nostris
781 1904 819 1975 &
834 1918 1007 1995 parentum
1030 1917 1183 1966 meorum
1206 1894 1363 1982 desidiis,
1391 1916 1569 1989 totumque
1581 1896 1623 1966 ad
1638 1897 1805 1993 integrum
1824 1923 1892 1971 rra.

602 2020 605 2029 ·
646 1999 698 2069 do
715 2020 813 2092 atque
833 1992 1030 2067 transfundo
1046 1993 1089 2062 ad
1119 1988 1294 2061 Basilicam
1320 1990 1434 2063 Sandii
1453 1992 1590 2084 Joannis
1617 1994 1654 2067 &
1682 1996 1723 2064 ad
1745 1994 1894 2069 Clericus

650 2092 702 2165 ibi
725 2094 948 2177 famulantesr
976 2110 1014 2161 ut
1042 2090 1203 2169 babeant,
1224 2110 1383 2176 teneant,
1407 2086 1656 2185 possideantque
1688 2092 1779 2163 omui
1809 2116 1895 2165 rem·

651 2216 745 2289 pore,
753 2190 883 2263 nemine
901 2185 1160 2258 contradicente.
1179 2182 1215 2257 si
1226 2186 1300 2279 qpis
1314 2210 1391 2256 vero
1406 2186 1499 2283 quod
1516 2185 1600 2257 absit
1613 2189 1651 2260 dr
1667 2186 1740 2259 fieri
1754 2188 1897 2265 minime
2032 2192 2033 2197 ’

651 2290 753 2363 eredo
765 2340 779 2378 ,
792 2291 845 2361 vel
858 2286 957 2358 fuerit
970 2286 1003 2355 in
1024 2281 1211 2378 postemm,
1226 2307 1290 2378 ego
1302 2282 1369 2377 ipse
1387 2306 1443 2355 aut
1462 2286 1548 2354 ullus
1559 2284 1601 2354 de
1619 2285 1795 2356 heredibus
1810 2292 1896 2361 oreis

655 2387 714 2484 qui
735 2408 849 2457 contra
867 2387 951 2456 hanc
966 2382 1183 2452 donationem
1201 2380 1311 2451 venire
1334 2401 1391 2451 aut
1406 2382 1509 2451 ullam
1528 2381 1726 2452 calumniam
1740 2409 1900 2479 generare

650 2482 901 2585 praesumpserit,
916 2479 1010 2549 vobis
1025 2476 1199 2573 vestrisque
1214 2470 1445 2548 successoribus
1460 2500 1522 2547 una
1542 2502 1621 2548 cum
1634 2478 1777 2551 sociante
1797 2480 1893 2572 fisco,

652 2580 723 2651 auri
759 2580 859 2650 librar
883 2577 1031 2674 quinque
1054 2596 1253 2668 componat,
1277 2576 1315 2648 δι
1340 2575 1382 2646 ad
1399 2574 1630 2670 repetitionem
1646 2600 1712 2646 non
1727 2580 1896 2669 vindicet,

649 2676 711 2753 'sed
726 2675 864 2771 praesens
886 2674 1148 2766 omnitempore
1176 2672 1215 2743 δι
1237 2669 1359 2741 stabilis
1382 2694 1569 2765 permaneat
1588 2697 1664 2743 cum
1687 2672 1901 2769 stipulatione

655 2773 675 2844 s
673 2775 807 2849 ubnixa.
823 2773 949 2843 Adrum
959 2768 1146 2841 Vesontica
1158 2766 1293 2838 civitate
1305 2770 1449 2862 publicd.
1459 2768 1632 2841 Pharulfus
1646 2772 1829 2870 Praesbyter
1837 2776 1903 2873 qui
1932 2850 1935 2855 ,

643 2874 740 2945 (hanc
753 2869 967 2941 donationem
984 2866 1056 2938 lieri
1068 2868 1106 2939 &
1119 2865 1239 2938 firmari
1254 2867 1396 2964 rogavit.
1422 2869 1455 2938 S.
1471 2866 1644 2939 Herireus.
1664 2868 1699 2942 S.
1714 2870 1902 2945 Goduinus.

658 2970 693 3042 S.
705 2968 850 3041 Aterius.
867 2966 900 3038 S.
915 2964 1129 3059 Vitaviugua.
1144 2962 1179 3037 S.
1193 2964 1404 3034 Bertrannus.
1427 2964 1463 3034 S.
1479 2964 1668 3059 Lutgerius.
1682 2967 1761 3063 Ego
1773 2970 1903 3041 Widri.

659 3091 717 3138 cus
737 3066 918 3159 Praesbyter
928 3060 1047 3155 scripsi.
1069 3064 1195 3134 Datum
1208 3061 1264 3130 die
1281 3060 1466 3131 Dominico
1480 3062 1579 3135 terrio
1595 3064 1712 3134 Nonas
1729 3066 1903 3141 Februarii

518 3240 521 3247 ,
657 3188 748 3235 anno
760 3164 877 3261 quinto
893 3176 1051 3257 regnante
1063 3156 1218 3229 Domino
1230 3154 1414 3250 Rodulpbo
1438 3156 1545 3257 Rege.

752 3352 828 3427 Um
848 3353 884 3425 in
902 3350 1058 3424 omnibus
1071 3349 1302 3447 largitionibus
1327 3351 1445 3422 idonea
1461 3348 1525 3421 lint
1537 3352 1724 3424 adhibenda
1742 3354 1899 3429 testimo-

656 3368 819 3537 Cuia,
835 3474 945 3523 tartren
960 3450 1004 3521 ad
1016 3450 1179 3520 cavendas
1193 3449 1300 3520 sarculi
1316 3449 1505 3540 'uarietatem'
1519 3447 1644 3521 necesse
1656 3451 1703 3523 est
1713 3476 1751 3523 ut
1761 3456 1898 3553 largitio
1942 3498 1946 3503 ‚

654 3554 766 3655 plenae
784 3546 973 3623 devotionis
987 3547 1032 3617 ira
1046 3545 1259 3641 confignetur
1269 3546 1722 3640 scripturarumrestamenris,
1736 3575 1904 3645 quatenus

657 3647 813 3747 cognosci
828 3643 927 3742 pollit
944 3644 1064 3718 veritas
1078 3642 1236 3748 rationis,
1251 3668 1329 3715 cum
1343 3666 1418 3715 ante
1431 3645 1646 3738 conspedium
1667 3646 1803 3720 reducta
1821 3648 1903 3720 sue·

658 3746 701 3823 rit
722 3743 939 3839 inquirentis:
955 3742 1172 3834 quamobrem
1183 3766 1249 3836 ego
1261 3739 1410 3815 Adelerh
1424 3742 1557 3835 superna
1568 3742 1761 3834 disponente
1773 3745 1905 3839 pietate

660 3843 830 3937 quondam
850 3834 1044 3925 Comitilsa,
1069 3859 1287 3910 runcantem
1309 3840 1507 3934 propiciante
1523 3838 1729 3911 miseratione
1754 3840 1903 3914 coelestir

657 3935 874 4033 Imperatoris
889 3934 1027 4024 famula,
1050 3935 1089 4008 δι
1112 3935 1361 4007 clarissimorum
1384 3935 1532 4006 liliorum
1552 3939 1644 4028 prole
1664 3938 1854 4011 coruscante
1868 3940 1908 4010 in

661 4030 665 4041 ’
687 4037 805 4109 ristinae
820 4032 1050 4129 appellationis
1065 4056 1255 4127 permanens
1266 4034 1443 4129 dignitate,
1465 4032 1523 4103 ista
1547 4035 1586 4105 ὅτ
1602 4035 1711 4103 multo
1726 4038 1818 4131 plura
1831 4061 1909 4132 per·

662 4135 808 4231 pendens
825 4132 906 4203 mihi
921 4132 1038 4200 collata
1049 4130 1289 4201 beneficiorum
1300 4130 1524 4215 Deidonaria,
1535 4154 1579 4197 err
1596 4130 1763 4225 aliquibus
1777 4156 1910 4227 tempo·

663 4230 784 4308 talibus
799 4224 1041 4322 beueexpeusrs
1068 4248 1198 4298 aerernae
1211 4228 1477 4299 remunerationis
1501 4227 1637 4304 credens
1659 4232 1907 4325 arquedefidea

666 4355 740 4404 rans
750 4324 883 4423 adipisci
905 4322 1049 4418 praemia,
1067 4323 1209 4415 disposui
1225 4325 1267 4393 ad
1279 4322 1453 4395 consilium
1471 4348 1570 4418 arque
1591 4326 1810 4414 consensum,
1836 4328 1911 4398 uno

667 4428 706 4497 δι
720 4424 961 4497 exortationem
974 4416 1163 4519 dileliifisr'i
1175 4423 1244 4493 mei
1255 4426 1407 4514 Hugonr's
1417 4420 1697 4517 illustrircmr'tis
1709 4448 1769 4509 ror
1780 4424 1910 4518 dequi-

666 4523 804 4605 busdam
816 4545 898 4593 meae
935 4520 1118 4613 roprietatis
1131 4517 1426 4605 rebus,Ecciesiam
1442 4520 1535 4589 Beati
1549 4520 1685 4591 Nazarii
1697 4524 1911 4605 honorarem,

669 4622 745 4730 quae
760 4642 863 4693 mater
878 4643 896 4689 e
932 4614 1152 4689 Ecclesrarum
1162 4616 1263 4687 totius
1276 4614 1469 4692 Dioeceseos
1481 4617 1679 4704 AEduorum,
1691 4644 1802 4713 proco
1815 4618 1913 4713 quod

673 4742 709 4789 rn
733 4742 770 4791 ea
797 4717 907 4791 diviua
920 4714 1026 4813 pietas
1047 4712 1161 4788 multia
1177 4712 1458 4787 consolationibus
1486 4717 1524 4791 δι
1545 4714 1835 4811 propiciationibus
1850 4739 1911 4785 me
1975 4710 1984 4731 ‘

1674 4851 1678 4856 ,
1804 4830 1914 4884 rrexrt
