4209 5892
567 376 625 471 du
658 373 800 471 Cumte‘
824 373 875 467 de
901 377 1157 501 B'ourgogne.-
1412 402 1509 527 ⁶¹5

242 516 343 615 li&
356 528 486 627 quatrr'
499 518 544 605 de
563 540 652 629 Ceys.
677 526 712 599 8.
727 524 887 601 Richatdi
907 525 945 603 δι
956 527 1130 601 Lamberti
1144 522 1252 608 fratris
1267 524 1315 600 sui
1330 529 1373 607 de
1386 542 1502 621 Ticer.

149 662 157 671 ·
242 635 279 708 si
300 631 375 728 quis
401 654 517 705 autem
539 624 820 726 Archiepiscopus
844 628 897 700 rel
925 626 1087 725 quaelibet
1111 626 1272 725 persona,
1299 630 1387 708 hanc
1409 642 1508 719 resti.

246 731 421 807 tutionem·
441 728 541 803 insrin
566 752 620 802 ere
651 752 708 803 aut
730 748 858 803 mutare
883 728 1058 818 voluerit,
1085 727 1126 803 &
1144 748 1274 802 curtem
1303 728 1398 809 istam
1423 768 1506 821 cum

243 831 445 929 appenditiis
471 830 588 905 suisrn
610 827 748 903 titulum
773 828 851 908 darc
873 829 928 900 rel
947 828 983 900 in
1006 826 1206 925 praestarianr
1222 828 1281 899 vel
1299 830 1335 902 in
1360 834 1506 918 feodum

241 930 350 1021 velit,
398 929 495 1009 ladio·
511 928 731 1003 anathematis
749 925 884 1001 feriatur
898 951 915 1017 ς’
939 928 980 1003 &
1003 930 1208 1026 quicumque
1230 929 1321 1003 hano
1341 938 1507 1015 redditio-

243 1056 325 1106 nem
342 960 564 1105 casuruniatus
575 1027 677 1103 fuerit
688 1027 1044 1127 ,incendiogelrennae
1060 1030 1236 1127 deputatus
1252 1052 1386 1127 pereat,
1397 1041 1514 1117 donee

242 1128 411 1231 resipiscat
427 1136 467 1209 dr
491 1132 534 1205 ad
550 1128 813 1205 satisfadlionem
832 1128 962 1202 reniats
981 1128 1113 1205 Adsum
1134 1134 1171 1202 6.
1189 1127 1239 1201 id.
1256 1129 1349 1231 Sept.
1375 1138 1500 1219 india,

237 1234 275 1307 8,
310 1252 352 1324 ¹3
373 1258 463 1305 anno
498 1230 673 1331 Hugonis.
711 1226 733 1325 3⁴
749 1227 1023 1330 Chrysopolitani
1047 1226 1333 1327 Archiepiscopi,
1361 1263 1508 1341 regnam

236 1352 275 1407 te
303 1334 510 1432 Imperatore
528 1329 688 1407 Henrico
705 1328 818 1403 tertio.
857 1330 936 1430 Ego
960 1330 1151 1405 Beroardue
1175 1333 1375 1431 recognorie

291 1532 332 1631 N
352 1531 489 1607 nomine
513 1530 645 1607 Sansiae
661 1531 700 1607 ὅ(
716 1526 901 1605 individuae
911 1522 1106 1602 Trinitatis.
1124 1527 1272 1605 Noverit
1289 1535 1508 1631 prasentium

294 1634 334 1711 δι
354 1632 544 1707 futurorum
564 1628 745 1719 industria,
764 1628 858 1725 quod
877 1624 1061 1729 Ansericut
1084 1626 1278 1704 Bisuntinus
1303 1634 1498 1735 Archiepis.

234 1736 406 1831 copus&
433 1730 624 1811 narrandus
644 1745 757 1809 comes
773 1730 1001 1829 Burgundiae‚
1029 1726 1074 1799 ad
1089 1728 1275 1804 amicitiam
1303 1734 1500 1812 intersere*
1584 1740 1589 1747 ’

234 1830 421 1905 fovendam
444 1830 715 1907 convenientes'a
736 1830 780 1903 de
801 1824 939 1902 consilio
952 1831 1121 1903 bonorum
1141 1827 1287 1905 virorum
1307 1834 1347 1907 &
1363 1837 1492 1933 princi-

79 2010 82 2014 ,
234 1954 320 2029 pum
346 1933 480 2007 suorum
502 1954 574 2006 tam
598 1930 808 2005 clericorum
833 1952 936 2027 quum
960 1929 1166 2019 Laimrum,
1189 1948 1323 2008 tenores
1340 1934 1413 2010 suos
1429 1934 1498 2011 libi

231 2030 395 2106 invicem
418 2033 681 2121 conlaudantes,
698 2031 894 2117 edixerunt3
918 2048 955 2100 ut
975 2053 1033 2101 eos
1053 2027 1213 2101 videlicet
1228 2054 1382 2114 tenores.
1405 2062 1501 2135 quoa

233 2128 450 2206 antecessores
475 2133 643 2231 utriusque
672 2153 823 2227 ternpore
850 2124 1028 2203 Guillelmt'
1053 2130 1194 2205 comitis
1209 2134 1323 2230 patris
1336 2136 1499 2231 Hugoaia

229 2234 330 2309 tertii
351 2230 598 2337 Archiept'sropr'
618 2228 790 2403 ligantias
803 2228 844 2313 (θ’
857 2226 1021 2325 Stephani
1033 2222 1158 2323 fratris
1176 2232 1270 2327 ejus,
1297 2255 1501 2323 tenuerunt„

229 2328 655 2508 massiliis
669 2326 993 2501 {ias'llll
1001 2326 1491 2523 ri‘iilliss'lnlstlil
1542 2436 1552 2449 ·

806 2478 819 2519 ί

230 2530 383 2629 quietare
408 2459 605 2629 praesumas.l
620 2529 656 2602 Si
677 2526 752 2626 quis
773 2550 856 2602 vero
875 2528 918 2601 dc
932 2524 1106 2601 tenoribus
1119 2526 1188 2600 istis
1209 2531 1355 2628 aliquem
1370 2558 1495 2607 corum·

227 2628 381 2705 infestare
396 2630 662 2731 praesumpserit,
687 2630 772 2702 alter
800 2626 893 2701 alteri
912 2652 974 2727 pro
996 2622 1111 2723 polse,
1138 2626 1201 2700 suo
1217 2628 1355 2703 consilio
1371 2634 1411 2709 ὅτ
1427 2659 1497 2719 au·-

228 2730 314 2804 ailio
337 2730 485 2805 fideliter
501 2728 692 2821 subvenire,
720 2752 787 2801 non
808 2726 953 2801 differat.
978 2728 1034 2800 De
1048 2724 1212 2801 theloneo
1230 2730 1494 2830 minoribusque

228 2830 559 2917 consuetudinibus,
582 2832 710 2905 Comes
734 2826 923 2903 Bisuntium
947 2825 1103 2923 privatim
1115 2828 1248 2921 veniat,
1275 2833 1315 2906 δι
1337 2831 1498 2928 quaestio*

226 2955 287 3003 nes
309 2930 381 3005 suas
406 2930 625 3005 amicabiliter
643 2927 762 3019 liniat,
790 2929 830 3003 δι
852 2928 887 2999 in
911 2928 998 2999 locis
1020 2924 1209 2999 constitutis
1233 2953 1311 3002 curn
1333 2932 1488 3004 securita-

223 3028 261 3103 te
279 3030 455 3107 terminet
464 3034 627 3109 Praeterea
649 3028 693 3105 de
708 3026 858 3107 Abbatia
873 3023 1115 3123 Bergiliacenfi
1128 3022 1287 3101 statutum
1310 3028 1370 3122 cll,
1385 3032 1497 3130 quod.
1543 3072 1547 3079 ·

224 3124 356 3215 Comes
375 3130 586 3225 R'ainaldus,
605 3128 801 3204 Ansericum
822 3125 1122 3225 Archiepiscopum
1142 3124 1186 3200 dr
1204 3134 1327 3207 Pontio
1352 3128 1498 3233 dacrya:

224 3230 266 3306 dc
298 3228 455 3305 fratribus
475 3234 586 3329 ejus,
611 3230 646 3305 in
668 3228 737 3303 viti
765 3228 822 3300 sua
841 3229 881 3303 &
906 3227 1011 3325 usque
1033 3226 1125 3299 dum·
1143 3224 1290 3301 Ecclesia
1316 3231 1501 3305 uisuntina

223 3328 430 3427 Episcopum
454 3330 685 3403 consecratum
711 3328 855 3417 lrabeat,
876 3326 911 3399 in
937 3350 1017 3423 pace
1044 3324 1127 3399 stare
1151 3326 1278 3401 faciat..
1299 3331 1491 3429 Episcopus

221 3428 300 3502 lane
319 3430 489 3530 Stephano
510 3432 674 3506 canonico
696 3427 740 3503 de
768 3443 875 3525 ceys,
901 3421 1037 3525 lingulis
1059 3422 1206 3517 sinodis,
1222 3428 1343 3526 viginti
1366 3430 1495 3503 solidos

221 3529 401 3626 persolvat,
428 3531 539 3605 donec
557 3528 901 3619 Archidiaconatum,
931 3548 1040 3622 quem·
1066 3521 1212 3621 primum
1245 3526 1281 3597 in
1307 3552 1408 3601 manu
1431 3531 1491 3603 suti

219 3628 500 3728 Archiepiscopus
523 3626 698 3713 habuerit,
723 3626 865 3701 tribuat·
888 3634 947 3701 De
972 3620 1156 3699 Guilltlmo
1184 3651 1263 3700 vero
1285 3626 1333 3701 de
1355 3626 1492 3729 Pesmee

219 3727 354 3804 dictum
375 3726 448 3819 est,
473 3730 568 3827 quod
590 3726 870 3825 Archiepilcopua
895 3722 931 3797 in
956 3724 1026 3799 vita
1053 3722 1111 3795 sua
1137 3725 1310 3800 &donec
1334 3726 1497 3801 Ecclefia

220 3827 393 3902 Bisuntina
419 3830 626 3927 Episcopum
650 3826 880 3909 consecratum
901 3826 1045 3915 babeat,
1071 3824 1349 3924 Bergiliaccnlem
1374 3829 1486 3901 Abba·

219 3929 305 4003 riam
326 3928 361 4001 in
377 3954 458 4026 pace
475 3928 658 4027 possideat·
679 3927 814 4003 sivero
843 3925 1048 3998 Guillelmus
1070 3924 1204 3997 rebellis
1226 3924 1396 4018 extiterit,
1418 3926 1488 4001 Co·

223 4052 300 4103 tnea
323 4029 621 4129 Arcbiepiscopum
644 4024 893 4103 &Ecclesiam
923 4022 1070 4097 fideliter
1089 4025 1210 4119 juvet,
1233 4026 1281 4099 ita
1313 4049 1350 4099 ut
1367 4025 1399 4099 ei
1418 4024 1492 4099 dis*

216 4125 393 4202 fidentiam
417 4131 498 4217 det,
523 4124 600 4207 &fi
623 4124 750 4201 nccelse
769 4126 876 4208 fuerit
899 4148 1053 4226 guerram
1070 4123 1100 4195 ei
1124 4119 1244 4213 faciat;
1271 4127 1365 4221 quod
1379 4151 1483 4224 quan·

220 4228 269 4305 do
298 4226 441 4322 fecerit,
467 4228 510 4305 ab
535 4226 798 4324 Archicpiscopo
828 4230 914 4303 intra
940 4222 1063 4325 viginti
1082 4220 1173 4304 ,dies
1194 4224 1312 4299 decem
1335 4228 1489 4301 marchas

220 4326 402 4427 ilrscipiat3
425 4356 488 4405 nec
512 4327 545 4403 ei
567 4352 686 4429 pacem
713 4350 770 4401 aut
793 4325 968 4417 inducias,
993 4319 1055 4396 nisr
1082 4323 1236 4397 laudante
1249 4324 1376 4399 Archie
1402 4326 1492 4408 iseo*

218 4453 266 4528 po
290 4454 486 4529 componat.
522 4429 559 4505 Si
587 4426 690 4505 castra
711 4454 792 4505 rcro
816 4424 995 4501 Guillclrni
1023 4422 1075 4497 vel
1101 4419 1337 4535 possessiones,
1356 4352 1491 4504 diluto

219 4554 285 4627 pro
303 4531 365 4603 liae
388 4556 505 4631 guerra
532 4530 720 4628 acceperit,
745 4527 807 4603 nisr
829 4552 905 4603 cum
930 4524 1029 4600 laude
1048 4522 1209 4621 Eprscopi
1233 4522 1264 4597 ei
1285 4526 1378 4599 nullo
1401 4550 1482 4599 mo·-

216 4631 269 4711 uo,
292 4630 515 4706 restituantur
542 4632 675 4709 Atrum
688 4655 732 4728 14
755 4628 833 4717 Cal·
847 4627 958 4731 April.
984 4620 1202 4725 indidi-215,
1218 4648 1310 4699 anno
1329 4624 1489 4703 leemas

211 4729 319 4813 tionis
342 4732 538 4811 Dominicae
561 4756 664 4811 rata·
1328 4792 1332 4799 -
