4209 5892
477 431 577 538 ‚du
611 433 750 527 Comae!
776 431 825 522 de
857 442 1104 556 Bourgogne.
1308 567 1312 574 ἱ
1380 440 1470 561 589
1581 394 1584 399 Ι

176 650 177 653 ,
230 584 290 681 sug
347 579 556 677 entibur,&
569 580 1031 679 proaliirintercedentibus5
1052 602 1236 679 quaerentes
1256 584 1364 687 magia
1389 614 1471 685 pro-

229 694 255 763 d
300 709 317 755 e
357 710 459 783 quam
491 674 622 777 praesse
633 728 646 766 ‚
669 678 842 775 sequentes
869 678 1004 780 vestigia
1040 680 1230 755 sanctorum
1251 685 1473 781 Principum,

230 788 394 863 calcantes
408 810 420 870 ς
434 780 541 859 iram..
558 777 714 849 saevitiem
728 776 932 871 ,duritiem,
949 776 1140 870 avaritiam,
1163 779 1381 875 cupiditatem
1394 786 1473 873 ,in-

230 882 462 984 dignationem
476 873 723 973 &superbiam
738 873 846 969 Justus
858 877 1015 972 patticiut
1029 876 1142 950 vestris
1155 881 1337 974 majoribus
1352 884 1391 955 δι
1404 882 1471 953 mi-

232 982 370 1055 noribus
392 996 610 1073 apparentes,
632 972 806 1045 veritatem
827 996 884 1045 ote
906 977 945 1049 de
961 1000 1063 1071 opere
1087 974 1320 1072 praeferentes,
1341 978 1474 1051 salubre

232 1076 408 1153 confilium
429 1074 569 1144 libenter
589 1070 777 1159 audientes,
795 1070 940 1143 monstra
957 1072 1113 1145 uitiorum
1127 1073 1328 1148 declinantes
1342 1078 1470 1173 &per-

233 1178 433 1277 sequentta,
451 1168 588 1243 virtutes
603 1188 773 1255 amantes,
788 1166 1011 1242 desenfionem
1027 1172 1067 1245 δι
1086 1172 1337 1271 Mamburgium
1356 1170 1471 1272 singu-

231 1280 273 1350 lis
287 1274 480 1359 exibentes3
500 1289 537 1341 ut
555 1288 663 1362 neque
682 1264 798 1336 eadem
812 1266 932 1339 Studia
947 1266 1101 1361 S‘ynodus
1137 1270 1177 1343 δι
1201 1271 1355 1365 primates
1372 1270 1474 1345 vestri

232 1398 311 1449 curn
329 1394 367 1442 ea
385 1364 583 1455 sentientes,
604 1386 689 1435 nunc
710 1362 753 1434 de
776 1362 872 1435 tobia
898 1363 933 1435 iu
950 1364 1101 1439 bonitate
1128 1366 1387 1455 maledicantur,
1411 1372 1469 1442 vel

231 1471 446 1545 detrahantur
469 1465 502 1536 in
522 1463 658 1547 futuro,
684 1485 792 1558 neque
813 1460 901 1532 sacto
928 1460 1035 1535 vestro
1054 1463 1276 1561 principatui,
1304 1464 1403 1539 nobit
1433 1486 1477 1539 ut.

233 1568 420 1649 credimus,
436 1560 609 1659 profuturo
632 1554 714 1655 juste
730 1560 909 1655 derogetur.
927 1586 934 1629 :
949 1560 1004 1632 sed
1025 1556 1068 1633 sit
1081 1586 1148 1657 part
1179 1564 1219 1636 bc
1234 1562 1351 1635 veritas
1375 1564 1472 1635 Sanc·

232 1691 346 1742 torum
366 1659 548 1759 suffragiis,
564 1682 623 1753 pet
642 1655 787 1729 divinam
802 1656 940 1754 gratiam
955 1658 1155 1735 Praelatio&
1167 1656 1342 1750 subditis,
1358 1660 1473 1733 Sacer*

232 1764 370 1839 dotibus
382 1760 421 1833 bt
432 1758 497 1829 illis
513 1752 692 1828 commillis
708 1754 928 1851 primatibus,
950 1758 1033 1827 dum
1047 1754 1095 1828 eia
1104 1754 1338 1829 authoritatem
1353 1758 1470 1831 Eran.

232 1861 378 1963 gelicarn
399 1859 438 1933 δι
451 1854 705 1952 Apostolicam,
727 1878 806 1923 cum
823 1850 906 1947 justa
926 1852 1003 1950 lege
1030 1854 1174 1926 bumand
1198 1852 1476 1935 consenseritis&

80 1958 93 1973 ‘
232 1954 503 2044 observaveritis,
532 1974 569 2023 ut
593 1976 652 2047 per
675 1949 787 2021 omnia
814 1952 854 2023 δι
880 1948 916 2018 in
942 1950 1098 2023 omnibus
1123 1952 1334 2024 benedicatur
1357 1954 1473 2029 Deusa

235 2058 393 2130 Precatur
411 2052 517 2125 etiam
535 2048 753 2122 Sacerdotrlir
769 2049 807 2120 bc
830 2046 975 2118 La'r'calir
997 2048 1162 2141 fidelitas,
1187 2072 1224 2123 ut
1247 2048 1349 2121 saciat
1368 2049 1477 2126 vestra

233 2151 430 2253 prudentii,
453 2170 721 2245 unumquemque
744 2144 780 2216 in
803 2143 909 2220 restra
927 2144 1033 2221 domo
1055 2146 1150 2223 suum
1171 2172 1225 2223 tar
1244 2146 1405 2245 possidere
1429 2154 1471 2223 in

238 2246 496 2326 sanuifinrione
521 2248 559 2320 δι
584 2246 729 2329 honore.

369 2428 522 2562 Bosonii
553 2428 672 2556 Regis
697 2434 822 2529 Elecii
849 2428 913 2523 ad
935 2434 1131 2559 synodum
1154 2434 1353 2560 responfio.

238 2633 521 2813 SAmtiffimae
550 2632 688 2732 Synodo
718 2632 756 2707 δι
778 2630 910 2705 cunulis
932 2631 1133 2731 primoribus
1156 2631 1275 2705 nolitis
1296 2632 1450 2707 fidelibus
1463 2683 1484 2723 7

303 2734 437 2808 humilis
463 2728 583 2803 Christi
609 2733 799 2803 vernaculus
823 2730 922 2803 Boso.
951 2732 1102 2803 Primum
1129 2727 1241 2804 restrae
1259 2729 1482 2805 sincerissimae

178 2830 182 2841 ¹
235 2832 406 2907 devotioni
428 2828 606 2929 gratiarum
619 2828 766 2901 actiones
782 2830 883 2899 corde
895 2826 934 2898 ὅτ
948 2855 1005 2901 ote
1019 2830 1181 2923 rependo,
1192 2830 1310 2924 quod,
1326 2830 1407 2901 licet
1418 2827 1478 2898 inr-
1527 2824 1548 2914 ἶ

235 2932 379 3015 metito,
404 2928 472 2999 soli
493 2924 597 2997 vestri·
623 2925 873 3016 benevolential,
898 2947 957 3017 per
982 2926 1298 2997 incommutabilem
1316 2926 1385 2999 Dei
1401 2950 1482 3025 gra·

234 3030 345 3115 tiam,
369 3024 524 3121 amplecti
552 3048 606 3094 me
626 3022 800 3093 visceribus
820 3018 932 3093 velitis
955 3024 996 3093 ad
1010 3022 1176 3121 liquidnm
1201 3024 1387 3120 comperio.
1411 3022 1477 3093 Pa·

235 3127 317 3199 riter
331 3148 492 3219 quoque,
509 3120 603 3217 quod
621 3118 731 3193 fervor
746 3118 860 3193 vess'rae
873 3120 1038 3210 raritatis,
1053 3122 1146 3193 adid
1162 3118 1313 3193 officium
1334 3144 1390 3193 mc
1403 3145 1481 3217 proc

238 3222 367 3295 moveri
389 3220 544 3293 divinitus
558 3240 682 3315 Xoptat;
707 3238 744 3289 ut
770 3239 843 3291 mea
864 3216 1004 3313 partitae
1026 3220 1124 3291 matri
1143 3245 1228 3293 meae
1241 3244 1317 3319 quae
1333 3218 1482 3293 Ecclefia

237 3318 307 3393 Dei
321 3318 388 3391 uiri
399 3314 467 3407 est,
482 3320 527 3389 ob
539 3316 760 3388 immortalem
773 3315 1076 3389 remunerationem
1092 3318 1259 3391 decertate
1271 3312 1387 3390 valeat.
1400 3319 1479 3417 Ego

238 3440 374 3499 autem,
396 3414 544 3487 conscius
568 3438 650 3485 mrae
676 3413 878 3485 conditionis
910 3416 949 3487 bt
972 3410 1128 3511 figmenti
1146 3414 1300 3510 singilis,
1319 3416 1480 3511 imparem

239 3538 293 3587 me
309 3512 460 3609 judicans
482 3533 577 3583 tanto
599 3512 768 3609 negocio,
784 3510 876 3581 omni
896 3510 1006 3581 modis
1021 3508 1228 3598 abnuissem
1251 3508 1311 3581 nifi
1334 3537 1391 3605 per
1410 3512 1487 3584 Dei

238 3634 358 3684 nutum
382 3610 477 3681 vobis
501 3632 558 3679 cot
580 3632 684 3678 unum
707 3608 824 3678 datum
846 3610 888 3681 ὅτ
904 3608 1048 3679 animam
1071 3631 1193 3699 unam,
1215 3606 1374 3678 inunum
1396 3632 1481 3680 con·

240 3709 372 3781 sensum
384 3703 601 3779 advertissem.
617 3706 854 3777 Obediendum
869 3704 981 3801 itaque
991 3730 1052 3801 pto
1065 3730 1156 3778 certo
1166 3706 1392 3803 cognoscens,
1411 3706 1483 3777 ius·

239 3806 358 3907 piratis
378 3806 396 3874 ὲ
419 3806 497 3875 Deo
521 3826 589 3874 tam
602 3801 834 3875 Sacerdotibus
858 3828 958 3897 quam
984 3802 1100 3875 nostris
1124 3804 1240 3877 amicis
1265 3807 1304 3878 bt
1324 3800 1480 3877 fidelibus

239 3930 311 3976 non
351 3902 497 3973 reludtot
537 3900 648 3973 vestris
693 3899 901 3996 jussionibus.
939 3903 1123 3991 Quodveto
1168 3900 1364 3997 requisitis,
1394 3925 1486 3999 qua·

239 4006 309 4074 lem
343 4026 398 4072 me
421 4002 569 4097 praebete
591 3998 713 4069 vell'em
748 3997 782 4069 in
809 3998 1056 4071 committendo
1095 4024 1154 4096 per
1188 4000 1256 4072 Dei
1294 3998 1479 4074 misericor·

240 4100 330 4173 ffiam
345 4099 379 4167 in
389 4096 551 4194 tegimine
564 4096 687 4182 sucuro,
699 4097 737 4169 &
749 4094 1032 4169 stmuloliendislis
1052 4120 1206 4168 normam
1225 4100 1264 4172 dc
1286 4092 1480 4169 instruxisti·

239 4200 399 4295 dogmate
433 4196 542 4290 sacto,
567 4188 778 4265 libentisl'nne
804 4193 955 4291 suscipio.
982 4195 1182 4290 Ampledl'or
1204 4194 1413 4268 Catholicam
1434 4193 1479 4265 fi·-

239 4294 321 4368 dem
359 4294 393 4363 in
416 4290 481 4389 qui
506 4294 545 4367 bi
571 4292 711 4363 nutritus
728 4292 824 4380 sum,
851 4318 953 4390 quam
964 4292 1135 4389 purililmo
1149 4295 1249 4365 eorde
1264 4316 1393 4386 tento,
1420 4315 1480 4368 ote

239 4388 444 4468 tenacissimo
465 4390 674 4488 pronuncio,
700 4412 760 4483 pro
788 4414 852 4483 qua
874 4414 1003 4488 paratur
1028 4392 1100 4463 sum
1118 4390 1297 4487 impendi,
1322 4389 1362 4463 dc
1384 4392 1419 4463 su

240 4489 414 4587 impendi,
439 4486 464 4559 st
486 4486 530 4559 stc
542 4487 698 4583 placuerit
722 4489 874 4560 Domino
883 4492 961 4561 Deo
970 4489 1081 4561 nostro
1093 4516 1102 4558 ε
1115 4486 1335 4561 Ecclesiamm
1349 4490 1480 4586 primo

242 4584 299 4687 gia
320 4590 456 4681 juvante
469 4586 622 4657 Domino
642 4583 750 4657 nostro
768 4584 846 4679 Jesu
871 4584 1031 4677 Christo,
1048 4586 1219 4660 reli'aurare
1235 4587 1274 4662 δι
1291 4586 1480 4659 conservare

242 4688 282 4762 δι
299 4682 456 4781 justitiam
473 4710 531 4779 per
547 4682 689 4755 vestrum
710 4683 1072 4757 communeconstlium
1088 4687 1236 4773 curabo;
1257 4685 1414 4760 omnibus
1440 4704 1482 4757 ut

238 4781 590 4883 monuiliis‚legem,
615 4779 775 4877 justitiam
797 4785 837 4860 bt
850 4784 976 4859 tedium
997 4782 1272 4883 Mamburgium,
1299 4786 1484 4861 auxiliante
